@article{Chaudhuri_1989,
   author = {Chaudhuri, Subhasis and Chatterjee, Shankar and Katz, Norman and Nelson, Mark and Goldbaum, Michael},
   title = {Detection of blood vessels in retinal images using two-dimensional matched filters},
   journal = {IEEE Transactions on Medical Imaging},
   volume = {8},
   number = {3},
   pages = {263-269},
   year = {1989},
}

@article{Dense,
  author    = {Gao Huang and
               Zhuang Liu and
               Kilian Q. Weinberger},
  title     = {Densely Connected Convolutional Networks},
  journal   = {CoRR},
  volume    = {abs/1608.06993},
  year      = {2016},
  url       = {http://arxiv.org/abs/1608.06993},
  archivePrefix = {arXiv},
  eprint    = {1608.06993},
  timestamp = {Wed, 07 Jun 2017 14:42:40 +0200},
  biburl    = {https://dblp.org/rec/bib/journals/corr/HuangLW16a},
  bibsource = {dblp computer science bibliography, https://dblp.org}
}
% ----------Yulun Wu----------%
@article{bristow2014linear,
  title={Why do linear SVMs trained on HOG features perform so well?},
  author={Bristow, Hilton and Lucey, Simon},
  journal={arXiv preprint arXiv:1406.2419},
  year={2014}
}
% ----------Yulun Wu----------%

@Misc{CNN,
howpublished = {http://ufldl.stanford.edu/tutorial/supervised/ConvolutionalNeuralNetwork/},
note = {},
title = {},
author = {}
}


@Misc{Dropout,
howpublished = {https://en.wikipedia.org/wiki/Convolutional\_neural\_network\#Dropout},
note = {},
title = {},
author = {}
}

@article{DBLP:journals/corr/IoffeS15,
  author    = {Sergey Ioffe and
               Christian Szegedy},
  title     = {Batch Normalization: Accelerating Deep Network Training by Reducing
               Internal Covariate Shift},
  journal   = {CoRR},
  volume    = {abs/1502.03167},
  year      = {2015},
  url       = {http://arxiv.org/abs/1502.03167},
  archivePrefix = {arXiv},
  eprint    = {1502.03167},
  timestamp = {Wed, 07 Jun 2017 14:40:49 +0200},
  biburl    = {https://dblp.org/rec/bib/journals/corr/IoffeS15},
  bibsource = {dblp computer science bibliography, https://dblp.org}
}

@article{Capsule,
  author    = {Sara Sabour and
               Nicholas Frosst and
               Geoffrey E. Hinton},
  title     = {Dynamic Routing Between Capsules},
  journal   = {CoRR},
  volume    = {abs/1710.09829},
  year      = {2017},
  url       = {http://arxiv.org/abs/1710.09829},
  archivePrefix = {arXiv},
  eprint    = {1710.09829},
  timestamp = {Thu, 02 Nov 2017 14:25:36 +0100},
  biburl    = {https://dblp.org/rec/bib/journals/corr/abs-1710-09829},
  bibsource = {dblp computer science bibliography, https://dblp.org}
}

@article{Marin_2011,
   author = {D. Marin and A. Aquino and M. E. Gegundez-Arias and J. M. Bravo},
   title = {A new supervised method for blood vessel segmentation in retinal images by using gray-level and moment invariants-based features},
   journal = {IEEE Transactions on Medical Imaging},
   volume = {30},
   number = {1},
   pages = {146-158},
   year = {2011},
}

@article{Soares,
   author = {Soares, Joao VB and Leandro, Jorge JG and Cesar, Roberto M and Jelinek, Herbert F and Cree, Michael J},
   title = {Retinal vessel segmentation using the 2-{D} {G}abor wavelet and supervised classification},
   journal = {IEEE Transactions on Medical Imaging},
   volume = {25},
   number = {9},
   pages = {1214-1222},
   year = {2006},
}

@article{Nguyen_2013,
   author = {Nguyen, Uyen TV and Bhuiyan, Alauddin and Park, Laurence AF and Ramamohanarao, Kotagiri},
   title = {An effective retinal blood vessel segmentation method using multi-scale line detection},
   journal = {Pattern Recognition},
   volume = {46},
   number = {3},
   pages = {703-715},
   year = {2013},
}

@article{Zhang_2010,
   author = {Zhang, Bob and Zhang, Lin and Zhang, Lei and Karray, Fakhri},
   title = {Retinal vessel extraction by matched filter with first-order derivative of {G}aussian},
   journal = {Computers in Biology and Medicine},
   volume = {40},
   number = {4},
   pages = {438-445},
   year = {2010},
}


@inproceedings{Li_2014,
author={Y. Li and M. S. Brown},
booktitle={IEEE Conference on Computer Vision and Pattern Recognition},
title={Single Image Layer Separation Using Relative Smoothness},
year={2014},
pages={2752-2759},
}
